@INPROCEEDINGS{testCite, author={Vetter, Christoph and Westermann, RÃ¼diger}, booktitle={2011 IEEE International Symposium on Biomedical Imaging: From Nano to Macro}, title={Optimized GPU histograms for multi-modal registration}, year={2011}, volume={}, number={}, pages={1227-1230}, doi={10.1109/ISBI.2011.5872623}}


